% Encoding: UTF-8

@Article{Zhu2017GenerativeAA,
  author  = {Jia-Jie Zhu and Jos{\'e} Bento},
  title   = {Generative Adversarial Active Learning},
  journal = {ArXiv},
  year    = {2017},
  volume  = {abs/1702.07956},
}

@Comment{jabref-meta: databaseType:bibtex;}
